<?xml version="1.0" encoding="UTF-8"?><collection xmlns="http://www.loc.gov/MARC21/slim"><record><leader>00361nam--2200133-i-4500</leader><controlfield tag="001">000016391</controlfield><controlfield tag="002">20161230</controlfield><controlfield tag="005">20161230201031</controlfield><controlfield tag="008">060222s1000------------r-----000-0-eng-d</controlfield><datafield ind1=" " ind2=" " tag="080"><subfield code="a">621.039.543(043)</subfield></datafield><datafield ind1=" " ind2=" " tag="100"><subfield code="a">Bertaud, Yves</subfield></datafield><datafield ind1=" " ind2=" " tag="245"><subfield code="a">Autodiffusion du carbone dans le monocarbure l uranium. these</subfield></datafield><datafield ind1=" " ind2=" " tag="260"><subfield code="a">Grenoble, Universite, 1970, 57 P</subfield></datafield><datafield ind1=" " ind2=" " tag="852"><subfield code="a">78180</subfield></datafield></record></collection>